@article{ sp1noticia,
    author = "SP1",
    title = "42 Celulares são roubados ou furtados por hora no estado de São Paulo em Janeiro e Fevereiro",
    year = "Maio 2022"
}

@article{ folhasp,
    AUTHOR = "Alfredo Henrique, William Cardoso",
    title = "Roubo de celular se concentra na volta para casa e na periferia de SP",
    year = "Fevereiro 2022"
}